<collection xmlns="http://www.loc.gov/MARC21/slim"><record><leader>00758nam  2200229   450</leader><controlfield tag="001">506</controlfield><controlfield tag="003">http://montalegre.opacnet.com/OPAC/default.aspx?ContentAreaControl=ShowRegHoldings.ascx&amp;RegNo=16662</controlfield><controlfield tag="005">20</controlfield><datafield tag="100" ind1=" " ind2=" "><subfield code="a">20061013d1986    k  y0pora010305  ba</subfield></datafield><datafield tag="101" ind1="1" ind2=" "><subfield code="a">por</subfield><subfield code="c">eng</subfield></datafield><datafield tag="102" ind1=" " ind2=" "><subfield code="a">PT</subfield></datafield><datafield tag="200" ind1="1" ind2=" "><subfield code="a">&lt;O &gt;comboio de Istambul</subfield><subfield code="f">Graham Greene</subfield><subfield code="g">trad.: Helena Alves</subfield></datafield><datafield tag="210" ind1=" " ind2=" "><subfield code="a">Mem Martins</subfield><subfield code="c">Europa-América</subfield><subfield code="d">[D.L. 1986]</subfield></datafield><datafield tag="215" ind1=" " ind2=" "><subfield code="a">199 p.</subfield><subfield code="d">21 cm</subfield></datafield><datafield tag="225" ind1="2" ind2=" "><subfield code="a">Século XX</subfield><subfield code="v">251</subfield></datafield><datafield tag="304" ind1=" " ind2=" "><subfield code="a">Tít. orig.: Stamboul train</subfield></datafield><datafield tag="675" ind1=" " ind2=" "><subfield code="a">821</subfield></datafield><datafield tag="700" ind1=" " ind2="1"><subfield code="a">Greene</subfield><subfield code="b">Graham</subfield><subfield code="f">1904-1991</subfield></datafield><datafield tag="702" ind1=" " ind2="1"><subfield code="a">Alves</subfield><subfield code="b">Helena Maria</subfield><subfield code="4">730</subfield></datafield><datafield tag="801" ind1=" " ind2="0"><subfield code="a">PT</subfield><subfield code="b">Biblioteca Municipal de Montalegre</subfield><subfield code="g">RPC</subfield></datafield><datafield tag="856" ind1=" " ind2=" "><subfield code="u">locateMedia.asp?cod=20060517155032&amp;ext=jpg</subfield><subfield code="z">CAPA</subfield></datafield><datafield tag="909" ind1="&#9;" ind2=" "><subfield code="a">2</subfield></datafield><datafield tag="966" ind1=" " ind2=" "><subfield code="a">0008447</subfield><subfield code="l">BMM</subfield><subfield code="s">SCG 821 GRE com 251</subfield></datafield><datafield tag="966" ind1=" " ind2=" "><subfield code="a">0008448</subfield><subfield code="l">BMM</subfield><subfield code="s">SCG 821 GRE com 251</subfield></datafield></record></collection>